<?xml version="1.0" encoding="UTF-8"?><record xmlns="http://www.loc.gov/MARC21/slim" xmlns:cinclude="http://apache.org/cocoon/include/1.0" xmlns:zs="http://www.loc.gov/zing/srw/">
  <leader>00931cz  a2200229n  4500</leader>
  <controlfield tag="001">nr 94002546 </controlfield>
  <controlfield tag="003">DLC</controlfield>
  <controlfield tag="005">20081106083305.0</controlfield>
  <controlfield tag="008">940125n| acannaabn          |b aaa      </controlfield>
  <datafield tag="010" ind1=" " ind2=" ">
    <subfield code="a">nr 94002546 </subfield>
    <subfield code="z">n  89207538 </subfield>
  </datafield>
  <datafield tag="035" ind1=" " ind2=" ">
    <subfield code="a">(OCoLC)oca03534609</subfield>
  </datafield>
  <datafield tag="040" ind1=" " ind2=" ">
    <subfield code="a">DLC-R</subfield>
    <subfield code="b">eng</subfield>
    <subfield code="c">DLC-R</subfield>
    <subfield code="d">DLC</subfield>
    <subfield code="d">MiU</subfield>
    <subfield code="d">OCoLC</subfield>
  </datafield>
  <datafield tag="100" ind1="1" ind2=" ">
    <subfield code="a">Saqqāf, Ḥasan ibn ʻAlī</subfield>
  </datafield>
  <datafield tag="400" ind1="1" ind2=" ">
    <subfield code="a">Saqqāf, Ḥasan</subfield>
  </datafield>
  <datafield tag="400" ind1="1" ind2=" ">
    <subfield code="a">Saqaf, Hassan</subfield>
  </datafield>
  <datafield tag="400" ind1="1" ind2=" ">
    <subfield code="a">سقاف، حسن</subfield>
  </datafield>
  <datafield tag="400" ind1="1" ind2=" ">
    <subfield code="a">سقاف، حسن بن علي</subfield>
  </datafield>
  <datafield tag="667" ind1=" " ind2=" ">
    <subfield code="a">Machine-derived non-Latin script reference project.</subfield>
  </datafield>
  <datafield tag="667" ind1=" " ind2=" ">
    <subfield code="a">Non-Latin script references not evaluated.</subfield>
  </datafield>
  <datafield tag="670" ind1=" " ind2=" ">
    <subfield code="a">Tanāquḍāt al-Albānī al-wāḍiḥāt, 1990:</subfield>
    <subfield code="b">v. 1, t.p. verso (Ḥasan ibn ʻAlī al-Saqqāf)</subfield>
  </datafield>
  <datafield tag="670" ind1=" " ind2=" ">
    <subfield code="a">Dafʻ shubah al-tashbīb bi-akuff al-tanzīh, 1991:</subfield>
    <subfield code="b">t.p. (Ḥasan al-Saqqāf) p. 279 (Ḥasan ibn ʻAlī al-Saqqāf)</subfield>
  </datafield>
  <datafield tag="670" ind1=" " ind2=" ">
    <subfield code="a">Holy sites of Jordan:</subfield>
    <subfield code="b">p. opp. t.p (Sheikh Hassan Saqaf)</subfield>
  </datafield>
</record>